@article{morasca2020assessment,
	title={On the assessment of software defect prediction models via ROC curves},
	author={Morasca, Sandro and Lavazza, Luigi},
	journal={Empirical Software Engineering},
	volume={25},
	number={5},
	pages={3977--4019},
	year={2020},
	publisher={Springer}
}

